[gd_resource type="TileSet" load_steps=13 format=2]

[ext_resource path="res://assets/FA_assets/environment/modular_crypt/Crypt_Straight_4x2_H.png" type="Texture" id=1]
[ext_resource path="res://assets/FA_assets/environment/modular_crypt/Crypt_Corner_In_2x2_A.png" type="Texture" id=2]
[ext_resource path="res://assets/FA_assets/environment/modular_crypt/Crypt_Corner_Out_2x2_A.png" type="Texture" id=3]
[ext_resource path="res://assets/FA_assets/environment/modular_crypt/Crypt_Pillar_2x2_Square_C.png" type="Texture" id=4]

[sub_resource type="OccluderPolygon2D" id=1]
polygon = PoolVector2Array( 300, 0, 300, 250, 250, 300, 0, 300, 0, 300, 250, 300, 250, 300, 300, 250, 300, 250 )

[sub_resource type="ConvexPolygonShape2D" id=2]
points = PoolVector2Array( 300, 0, 300, 250, 250, 300, 0, 300, 0, 150, 150, 150, 150, 0 )

[sub_resource type="OccluderPolygon2D" id=3]
polygon = PoolVector2Array( 0, 100, 400, 100, 0, 100 )

[sub_resource type="ConvexPolygonShape2D" id=4]
points = PoolVector2Array( 400, 250, 0, 250, 0, 100, 400, 100 )

[sub_resource type="OccluderPolygon2D" id=5]
polygon = PoolVector2Array( 0, 100, 100, 100, 100, 0, 100, 100 )

[sub_resource type="ConvexPolygonShape2D" id=6]
points = PoolVector2Array( 0, 100, 100, 100, 100, 0, 250, 0, 250, 250, 150, 250, 0, 250 )

[sub_resource type="OccluderPolygon2D" id=7]
polygon = PoolVector2Array( 131.12, 134, 269.36, 135.44, 269.36, 269.36, 131.12, 267.92 )

[sub_resource type="ConvexPolygonShape2D" id=8]
points = PoolVector2Array( 350, 350, 50, 350, 50, 50, 350, 50 )

[resource]
0/name = "Crypt_Corner_In_2x2_A.png 0"
0/texture = ExtResource( 2 )
0/tex_offset = Vector2( 0, 0 )
0/modulate = Color( 1, 1, 1, 1 )
0/region = Rect2( 0, 0, 400, 400 )
0/tile_mode = 0
0/occluder_offset = Vector2( 0, 0 )
0/occluder = SubResource( 1 )
0/navigation_offset = Vector2( 0, 0 )
0/shape_offset = Vector2( 0, 0 )
0/shape_transform = Transform2D( 1, 0, 0, 1, 0, 0 )
0/shape = SubResource( 2 )
0/shape_one_way = false
0/shape_one_way_margin = 1.0
0/shapes = [ {
"autotile_coord": Vector2( 0, 0 ),
"one_way": false,
"one_way_margin": 1.0,
"shape": SubResource( 2 ),
"shape_transform": Transform2D( 1, 0, 0, 1, 0, 0 )
} ]
0/z_index = 0
3/name = "Crypt_Straight_4x2_H.png 3"
3/texture = ExtResource( 1 )
3/tex_offset = Vector2( 0, 0 )
3/modulate = Color( 1, 1, 1, 1 )
3/region = Rect2( 0, 0, 400, 400 )
3/tile_mode = 0
3/occluder_offset = Vector2( 0, 0 )
3/occluder = SubResource( 3 )
3/navigation_offset = Vector2( 0, 0 )
3/shape_offset = Vector2( 0, 0 )
3/shape_transform = Transform2D( 1, 0, 0, 1, 0, 0 )
3/shape = SubResource( 4 )
3/shape_one_way = false
3/shape_one_way_margin = 1.0
3/shapes = [ {
"autotile_coord": Vector2( 0, 0 ),
"one_way": false,
"one_way_margin": 1.0,
"shape": SubResource( 4 ),
"shape_transform": Transform2D( 1, 0, 0, 1, 0, 0 )
} ]
3/z_index = 0
6/name = "Crypt_Corner_Out_2x2_A.png 6"
6/texture = ExtResource( 3 )
6/tex_offset = Vector2( 0, 0 )
6/modulate = Color( 1, 1, 1, 1 )
6/region = Rect2( 0, 0, 400, 400 )
6/tile_mode = 0
6/occluder_offset = Vector2( 0, 0 )
6/occluder = SubResource( 5 )
6/navigation_offset = Vector2( 0, 0 )
6/shape_offset = Vector2( 0, 0 )
6/shape_transform = Transform2D( 1, 0, 0, 1, 0, 0 )
6/shape = SubResource( 6 )
6/shape_one_way = false
6/shape_one_way_margin = 1.0
6/shapes = [ {
"autotile_coord": Vector2( 0, 0 ),
"one_way": false,
"one_way_margin": 1.0,
"shape": SubResource( 6 ),
"shape_transform": Transform2D( 1, 0, 0, 1, 0, 0 )
} ]
6/z_index = 0
7/name = "Crypt_Pillar_2x2_Square_C.png 7"
7/texture = ExtResource( 4 )
7/tex_offset = Vector2( 0, 0 )
7/modulate = Color( 1, 1, 1, 1 )
7/region = Rect2( 0, 0, 400, 400 )
7/tile_mode = 0
7/occluder_offset = Vector2( 0, 0 )
7/occluder = SubResource( 7 )
7/navigation_offset = Vector2( 0, 0 )
7/shape_offset = Vector2( 0, 0 )
7/shape_transform = Transform2D( 1, 0, 0, 1, 0, 0 )
7/shape = SubResource( 8 )
7/shape_one_way = false
7/shape_one_way_margin = 1.0
7/shapes = [ {
"autotile_coord": Vector2( 0, 0 ),
"one_way": false,
"one_way_margin": 1.0,
"shape": SubResource( 8 ),
"shape_transform": Transform2D( 1, 0, 0, 1, 0, 0 )
} ]
7/z_index = 0
